 @incollection{bracha:modules_as_objects, 
 year={2010},
 isbn={978-3-642-14106-5},
 booktitle={ECOOP 2010 – Object-Oriented Programming},
 volume={6183},
 series={Lecture Notes in Computer Science},
 editor={D’Hondt, Theo},
 doi={10.1007/978-3-642-14107-2_20},
 title={Modules as Objects in Newspeak},
 url={http://dx.doi.org/10.1007/978-3-642-14107-2_20},
 publisher={Springer Berlin Heidelberg},
 author={Bracha, Gilad and von der Ahé, Peter and Bykov, Vassili and Kashai, Yaron and Maddox, William and Miranda, Eliot},
 pages={405-428},
 language={English}
 }

 @book{brauer2015programming,
  title={Programming Smalltalk--Object-Orientation from the Beginning: An introduction to the principles of programming},
  author={Brauer, Johannes},
  year={2015},
  publisher={Springer}
}

@book{cincomst,
  title={Cincom Smalltalk -- Application Developer's Guide},
  author={Cincom Systems Inc.},
  year={2009}}

@book{Bloch:2008:EJ:1377533,
 author = {Bloch, Joshua},
 title = {Effective Java (2Nd Edition) (The Java Series)},
 year = {2008},
 isbn = {0321356683, 9780321356680},
 edition = {2},
 publisher = {Prentice Hall PTR},
 address = {Upper Saddle River, NJ, USA},
} 